@incollection{BojarRobertM.2010EPC,
abstract = {Summary This chapter contains sections titled: Basic Features of the Early Postoperative Period Management of Common Postoperative Scenarios Postoperative Considerations Following Commonly Performed Procedures},
pages = {301--343},
publisher = {Wiley‐Blackwell},
booktitle = {Manual of Perioperative Care in Adult Cardiac Surgery},
isbn = {9781444331431},
year = {2010},
title = {Early Postoperative Care},
language = {eng},
address = {Oxford, UK},
author = {Bojar, Robert M.},
keywords = {Early Postoperative Care ; Basic Features Of The Early Postoperative Period ; Cardiopulmonary Bypass (Cpb) ; Transesophageal Echocardiography (Tee) ; Basic Features Of The Early Postoperative Period ; Deep Hypothermic Circulatory Arrest (Dhca) ; Management Of Common Postoperative Scenarios ; Postoperative Considerations Following Commonly Performed Procedures ; Patient‐Controlled Analgesia (Pca) ; Pulmonary Capillary Wedge Pressure (Pcwp)},
}

